
@book{rotman_introduction_2009,
	location = {New York, {NY}},
	title = {An Introduction to Homological Algebra},
	isbn = {978-0-387-68324-9},
	url = {https://doi.org/10.1007/978-0-387-68324-9_1},
	series = {Universitext},
	pages = {1--36},
	publisher = {Springer},
	author = {Rotman, Joseph J.},
	editor = {Rotman, Joseph J.},
	date = {2009},
	langid = {english},
	doi = {10.1007/978-0-387-68324-9_1},
	keywords = {Abelian Group, Free Abelian Group, Full Subcategory, Natural Transformation, Topological Space}
}
