@book{GF-KandG,
   title =     {Gauge Fields, Knots and Gravity (Series on Knots and Everything)},
   author =    {John C. Baez, Javier P. Muniain},
   publisher = {World Scientific Publishing Company},
   isbn =      {9789810217297,9810217293,9810220340},
   year =      {1994},
   series =    {Series on Knots and Everything},
   edition =   {},
   volume =    {},
}