@book{burns1991modern,
  title={Modern Geometry â€” Methods and Applications: Part I: The Geometry of Surfaces, Transformation Groups, and Fields},
  author={Burns, R.G. and Dubrovin, B.A. and Fomenko, A.T. and Novikov, S.P.},
  isbn={9780387976631},
  lccn={92123331},
  series={Graduate Texts in Mathematics},
  url={https://books.google.co.jp/books?id=FC0QFlx12pwC},
  year={1991},
  publisher={Springer New York}
}