@book{kostrikin1982introduction,
  title={Introduction to Algebra},
  author={Kostrikin, A.I.},
  isbn={9783540907114},
  lccn={82005534},
  series={Universitext - Springer-Verlag},
  url = {https://www.springer.com/gp/book/9780387907116},
  year={1982},
  publisher={Springer-Verlag}
}

@book{book:644753,
   title =     {代数学引论(第2卷)},
   subtitle = {线性代数},
   author =    {柯斯特利金(俄罗斯)},
   publisher = {Unknown},
   isbn =      {9787040214918},
   year =      {1991},
   series =    {俄罗斯教材选译},
   edition =   {3},
   url =       {http://gen.lib.rus.ec/book/index.php?md5=aed6abf2e5b956fd92baf7bd6298dec6}
}