
@book{基础拓扑学讲义,
  author         = {尤承业},
  title          = {基础拓扑学讲义},
  publisher      = {北京大学出版社},
  year           = {1997},
  isbn           = {9787301031032},
  location       = {北京}
}