@book{点集拓扑讲义,
    title = {点集拓扑讲义},
    editor = {熊金诚},
    publisher = {高等教育出版社},
    year = {1998},
    edition = {2},
    ISBN = {9787040062823},
    location = {北京}
}

@book{基础拓扑学讲义,
  author         = {尤承业},
  title          = {基础拓扑学讲义},
  publisher      = {北京大学出版社},
  year           = {1997},
  isbn           = {9787301031032},
  location       = {北京}
}