@book{2014数理逻辑,
  title={数理逻辑: 证明及其限度},
  isbn={9787309110258},
  series={逻辑与形而上学教科书系列},
  url={https://books.google.co.jp/books?id=WDPqjgEACAAJ},
  year={2014},
  address={上海},
  publisher={复旦大学出版社}
}

@book{2014集合论,
  title={集合论: 对无穷概念的探索},
  isbn={9787309107104},
  series={逻辑与形而上学教科书系列},
  url={https://books.google.co.jp/books?id=Su2-nQAACAAJ},
  year={2014},
  publisher={复旦大学出版社}
}

