@book{Zorich:2137923,
      author        = "Zorich, Vladimir A",
      title         = "{Mathematical analysis II; 2nd ed.}",
      publisher     = "Springer",
      address       = "Berlin",
      series        = "Universitext",
      year          = "2016",
      url           = "https://cds.cern.ch/record/2137923",
      doi           = "10.1007/978-3-662-48993-2",
}

@book{coleman2012calculus,
  title={Calculus on Normed Vector Spaces},
  author={Coleman, R.},
  isbn={9781461438946},
  lccn={2012939881},
  series={Universitext},
  url={https://books.google.co.jp/books?id=TCzpZuCpc\_QC},
  year={2012},
  publisher={Springer New York}
}
