
@book{rynne_linear_2008,
	location = {London},
	title = {Linear Functional Analysis},
	isbn = {978-1-84800-004-9 978-1-84800-005-6},
	url = {http://link.springer.com/10.1007/978-1-84800-005-6},
	series = {Springer Undergraduate Mathematics Series},
	publisher = {Springer},
	author = {Rynne, Bryan P. and Youngson, Martin A.},
	urldate = {2023-12-07},
	date = {2008},
	doi = {10.1007/978-1-84800-005-6},
	keywords = {Analysis, calculus, differential equation, functional analysis, Hilbert space, Linear Algebra, Operator Theory},
	file = {已提交版本:/home/mok/APPS/DATA/Zotero/storage/CHFZQE8M/Rynne 和 Youngson - 2008 - Linear Functional Analysis.pdf:application/pdf},
}
